@Article{Stockie2011,
  Title                    = {The Mathematics of Atmospheric Dispersion Modeling},
  Author                   = {Stockie, J.},
  Journal                  = {SIAM Review},
  Year                     = {2011},
  Number                   = {2},
  Pages                    = {349-372},
  Volume                   = {53},

  Doi                      = {10.1137/10080991X},
  Eprint                   = {http://dx.doi.org/10.1137/10080991X}
}

@misc{Bayes1763,
	Title = {An essay towards solving a Problem in the Doctrine of Chances},
	Author = {Bayes, T.},
	Year = {1763},
	howpublished = {\url{http://www.stat.ucla.edu/history/essay.pdf}}
	
	}
@Article{Laplace1774,
	Title = {Mémoire sur la probabilité des causes par les événements},
	Author = {Laplace, P.-S.},
	Journal = {Oeuvres complètes de Laplace},
	Year = {1774},
	Volume = {VIII},
	Pages = {27-55}
	}
@Book{Tarantola2004,
	Title = {Inverse Problem Theory and Methods for Model Parameter Estimation},
	Author = {Tarantola, A.},
	Year = {2004},
	ISBN = {0898715725},
	Publisher = {Society for Industrial and Applied Mathematics},
	Address = {Philadelphia, PA, USA},
	}
@Article{Saunier2013,
	Title = {An inverse modeling method to assess the source term of the {F}ukushima {N}uclear {P}ower {P}lant accident using gamma dose rate observations},
	Author = {Saunier, O. and Mathieu, A. and Didier, D. and Tombette, M. and Quélo, D. and Winiarek, V. and Bocquet, M.},
	Journal = {Atmospheric Chemistry and Physics},
	Volume = {13},
	Year = {2013},
	Number = {22},
	Pages = {11403--11421},
	URL = {http://www.atmos-chem-phys.net/13/11403/2013/},
	DOI = {10.5194/acp-13-11403-2013}	
	}
@Article{Backus1967,
	Title = {Numerical applications of a formalism for geophysical inverse problems},
	Author = {Backus, G.E. and Gilbert, J.F.},
	Journal = {Geophysical Journal International},
	Volume = {13},
	Number = {1-3},
	Pages = {247--276},
	Year = {1967},
	Publisher = {Oxford University Press}
	}
@Article{Kirsch1988,
  Author={Kirsch, A. and Kress, R.},
  Title={Two methods for solving the inverse acoustic scattering problem},
  journal={Inverse Problems},
  volume={4},
  number={3},
  pages={749},
  url={http://stacks.iop.org/0266-5611/4/i=3/a=013},
  year={1988},
}
@article{Park2003,
  title={Super-resolution image reconstruction: a technical overview},
  author={Park, S.C. and Park, M.K. and Kang, M.G.},
  journal={Signal Processing Magazine, IEEE},
  volume={20},
  number={3},
  pages={21--36},
  year={2003},
  publisher={IEEE}
 }

@article{Arridge1999,
  title={Optical tomography in medical imaging},
  author={Arridge, S.R.},
  journal={Inverse Problems},
  volume={15},
  number={2},
  pages={R41},
  year={1999},
  publisher={IOP Publishing}
}

@article{McCormik1992,
  title={Inverse radiative transfer problems: a review},
  author={McCormick, N.J.},
  journal={Nuclear Science and Engineering},
  volume={112},
  number={3},
  pages={185--198},
  year={1992},
  publisher={American Nuclear Society}
}

@Article{Dembo1999,
  author= {Dembo, R. and Rosen, D.},
  title={The practice of portfolio replication: a practical overview of forward and inverse problems},
  journal={Annals of Operations Research},
  volume={85},
  pages={267--284},
  year = {1999},
  issn= {1572-9338},
  doi= {10.1023/A:1018977929028},

}
@Article{Hanna1990,
	Title = {Uncertainties in source emission rate estimates using dispersion models},
	Author = {Hanna, S.R. and Chang, J.S. and Strimaitis, D.G},
	Journal = {Atmospheric Environment},
	Volume = {24},
	Number = {12},
	Pages = {2971--2980},
	Year = {1990},
	ISSN = {0960-1686},
	DOI = {http://dx.doi.org/10.1016/0960-1686(90)90477-5}
	}
@Article{Gordon1988,
	Title = "Field estimates of ammonia volitilization from swine manure by a simple micro-meteorological technique.",
	Author = "Gordon, R.L. and Schuepp, M. and Brunke, R.",
	Journal = "Canadian Journal of Soil Science",
	Volume = "68(2)",
	Pages = "369--380",
	Year = "1988"
}
@Article{Wilson1992,
	Title                    = {A reexamination of the integrated horizontal flux method for estimating volatilisation from circular plots},
	Author                   = {Wilson, J.D. and Shum, W.K.N.},
	Journal                  = {Agricultural and Forest Meteorology},
	Year                     = {1992},
	Pages                    = {281--295},
	Volume                   = {57}
}
@Article{Robertson1998,
	Title                    = {Source function estimate by means of variational data assimilation applied to the ETEX-I tracer experiment },
	Author                   = {Robertson, L. and Langner, J.},
	Journal                  = {Atmospheric Environment},
	Year                     = {1998},
	Number                   = {24},
	Pages                    = {4219 - 4225},
	Volume                   = {32},
	Doi                      = {http://dx.doi.org/10.1016/S1352-2310(98)00176-9},
	ISSN                     = {1352-2310},
}

@Article{Nodop1998,
	Title = "The field campaigns of the {E}uropean {T}racer {EXperiment}: overview and results",
	Author = "Nodop, K. and Connolly, R. and Girardi, F.",
	Year = "1998",
	Journal = "Atmospheric Environment",
	Volume = "32",
	Pages = "4095--4108"
}
@Article{Flesch1995,
	Title                    = {Backward-time Lagrangian stochastic dispersion models and their application to estimate gaseous emissions},
	Author                   = {Flesch, Thomas K. and Wilson, John D. and Yee, Eugene},
	Journal                  = {Journal of Applied Meteorology},
	Year                     = {1995},
	
	Month                    = {June},
	Number                   = {6},
	Pages                    = {1320--1332},
	Volume                   = {34}
}
@Article{Skiba2003,
	Title="On a method of detecting the industrial plants which violate prescribed emission rates",
	Author = "Skiba, Y.N.",
	Journal = "Ecological Modelling",
	Volume = "159",
	Number = "2",
	Year = "2003",
	Pages = "125--132"
}
@Article{Hourdin2006a,
	Title                    = {Eulerian backtracking of atmospheric tracers. I: Adjoint derivation and parametrization of subgrid-scale transport},
	Author                   = {Hourdin, F. and Talagrand, O.},
	Journal                  = {Quarterly Journal of the Royal Meteorological Society},
	Year                     = {2006},
	Number                   = {615},
	Pages                    = {567--583},
	Volume                   = {132},
	
	Doi                      = {10.1256/qj.03.198.A},
	File                     = {:C\:\\Users\\RAJAONA Harizo\\Documents\\BIBLIO\\Hourdin2006a.pdf:PDF},
	ISSN                     = {1477-870X},
	Keywords                 = {Adjoint, Atmospheric transport, Backtracking, Inverse methods},
	Publisher                = {John Wiley \& Sons, Ltd.},
	Url                      = {http://dx.doi.org/10.1256/qj.03.198.A}
}

@Article{Pudykiewicz1998,
	Title                    = {Application of adjoint tracer transport equations for evaluating source parameters },
	Author                   = {Janusz A. Pudykiewicz},
	Journal                  = {Atmospheric Environment },
	Year                     = {1998},
	Number                   = {17},
	Pages                    = {3039--3050},
	Volume                   = {32},
	Doi                      = {http://dx.doi.org/10.1016/S1352-2310(97)00480-9},
	ISSN                     = {1352-2310},
	Url                      = {http://www.sciencedirect.com/science/article/pii/S1352231097004809}
}

@Article{Hourdin2006b,
	Title                    = {Eulerian backtracking of atmospheric tracers. II: Numerical aspects},
	Author                   = {Hourdin, F. and Talagrand, O. and Idelkadi, A.},
	Journal                  = {Quarterly Journal of the Royal Meteorological Society},
	Year                     = {2006},
	Number                   = {615},
	Pages                    = {585--603},
	Volume                   = {132},
	Doi                      = {10.1256/qj.03.198.B},
	ISSN                     = {1477-870X},
	Publisher                = {John Wiley \& Sons, Ltd.},
	Timestamp                = {2014.12.15},
	Url                      = {http://dx.doi.org/10.1256/qj.03.198.B}
}

@article{Kathirgamanathan2002,
	Title = "Source term estimation of pollution from an instantaneous point source",
	Author = "Kathirgamanathan, P. and McKibbin, R. and McLachlan, R.I.",
	Journal = "Research Letters in the Information and Mathematical Sciences",
	Year = "2002",
	Number = "3",
	Pages = "59--67"
}

@Article{Ryall2001,
	Title                    = {Estimating source regions of European emissions of trace gases from observations at Mace Head},
	Author                   = {D.B Ryall and R.G Derwent and A.J Manning and P.G Simmonds and S O’Doherty},
	Journal                  = {Atmospheric Environment },
	Year                     = {2001},
	Number                   = {14},
	Pages                    = {2507 - 2523},
	Volume                   = {35},
	Doi                      = {http://dx.doi.org/10.1016/S1352-2310(00)00433-7},
	ISSN                     = {1352-2310},
}

@Article{Matthes2005,
	Title                    = {Source localization by spatially distributed electronic noses for advection and diffusion},
	Author                   = {Matthes, J. and Groll, L. and Keller, H.B.},
	Journal                  = {IEEE Transactions on Signal Processing},
	Year                     = {2005},
	Number                   = {5},
	Pages                    = {1711--1719},
	Volume                   = {53},
	Publisher                = {IEEE},

}

@InProceedings{Martinez2013,
	Title                    = {The {F}ukushima inverse problem},
	Author                   = {Martinez-Camara, Marta and Dokmanic, Ivan and Ranieri, Juri and
	Scheibler, Robin and Vetterli, Martin and Stohl, Andreas},
	Booktitle                = { IEEE International Conference on Acoustics, Speech and Signal Processing (ICASSP)},
	Year                     = {2013},
	Pages                    = {4330--4334},
}

@InProceedings{Cheng2008,
	Title                    = {Source term estimation using convex optimization},
	Author                   = {Cheng, Yang and Singh, Tarunraj},
	Booktitle                = {11th International Conference on Information Fusion},
	Year                     = {2008},
	Organization             = {IEEE},
	Pages                    = {1--8},
	
}

@InProceedings{Konda2010,
	Title = "Source identification of puff-based dispersion models using convex optimization",
	Author = "Konda, U. and Cheng, Y. and Singh, T. and Scott, P.D.",
	Booktitle = "13th International Conference on Information Fusion",
	Year = "2010",
	Organization = "IEEE",
}

@book{Sportisse2008,
	Title = "Pollution atmosphérique: des processus à la modélisation",
	Author = "Sportisse, B.",
	Year = "2008",
	Publisher = "Springer"
}

@book{Pasquill1983,
	Title = "Atmospheric Diffusion",
	Author = "Pasquill, F. and Smith, F.",
	Year = "1983",
	Publisher = "Wiley"
}

@Article{Haupt2005,
	Title                    = {A demonstration of coupled receptor/dispersion modeling with a genetic algorithm },
	Author                   = {Haupt, S.E.},
	Journal                  = {Atmospheric Environment},
	Year                     = {2005},
	Number                   = {37},
	Pages                    = {7181 - 7189},
	Volume                   = {39},
	Doi                      = {http://dx.doi.org/10.1016/j.atmosenv.2005.08.027},
	ISSN                     = {1352--2310},
}
@Article{Allen2007,
	Title                    = {Improving pollutant source characterization by better estimating wind direction with a genetic algorithm },
	Author                   = {Allen, C.T. and Young, G.S. and Haupt, S.E.},
	Journal                  = {Atmospheric Environment },
	Year                     = {2007},
	Number                   = {11},
	Pages                    = {2283 - 2289},
	Volume                   = {41},
	Doi                      = {http://dx.doi.org/10.1016/j.atmosenv.2006.11.007},
	ISSN                     = {1352--2310},

}
@Article{Haupt2007,
	Title                    = {A genetic algorithm method to assimilate sensor data for a toxic contaminant release},
	Author                   = {Haupt, Sue Ellen and Young, George S. and Allen, Christopher T.},
	Journal                  = {Journal of Computers},
	Year                     = {2007},
	Number                   = {6},
	Pages                    = {85--93},
	Volume                   = {2},
}
@article{Cervone2011,
	Title = "Non-darwinian evolution for the source detection of atmospheric releases",
	Author = "Cervone, G. and Franzese, P.",
	Journal = "Atmospheric Environment",
	Volume = "41",
	Number = "26",
	Pages = "4497--4506",
	Year = "2011",
}

@Article{Long2010,
	Title                    = {Assessing sensitivity of source term estimation},
	Author                   = {Long, K.J. and Haupt, S.E. and Young, G.S.},
	Journal                  = {Atmospheric Environment},
	Year                     = {2010},
	Number                   = {12},
	Pages                    = {1558--1567},
	Volume                   = {44},
	Doi                      = {http://dx.doi.org/10.1016/j.atmosenv.2010.01.003},
	ISSN                     = {1352-2310},

}

@article{Courtier1998,
	Title = "The {ECMWF} implementation of three-dimensional variational assimilation (3D-var), {I}: {Formulation}",
	Author = "Courtier, P. and Andersson, E. and Heckley, W. and Vasiljevic, D. and Hamrud, M. and Hollingsworth, A. and Rabier, F. and Fisher, M. and Pailleux, J.",
	Journal = "Quarterly Journal of the Royal Meteorological Society",
	Volume = "124",
	Number = "550",
	Pages = "1783--1807",
	Year = "1998",
	Publisher = "Wiley Online Library"
}

@Article{Winiarek2011,
	Title                    = {Towards the operational estimation of a radiological plume using data assimilation after a radiological accidental atmospheric release },
	Author                   = {Winiarek, V. and Vira, J. and Bocquet, M. and Sofiev, M. and Saunier, O.},
	Journal                  = {Atmospheric Environment},
	Year                     = {2011},
	Number                   = {17},
	Pages                    = {2944 - 2955},
	Volume                   = {45},
	ISSN                     = {1352--2310},

}

@Article{Davoine2007,
	Title                    = {Inverse modelling-based reconstruction of the Chernobyl source term available for long-range transport},
	Author                   = {Davoine, X. and Bocquet, M.},
	Journal                  = {Atmospheric Chemistry and Physics Discussions},
	Year                     = {2007},
	Number                   = {1},
	Pages                    = {1--43},
	Volume                   = {7},	
	Doi                      = {10.5194/acpd-7-1-2007},

}

@inproceedings{Tikhonov1963,
	Title = "Solution of incorrectly formulated problems and the regularization method",
	Author = "Tikhonov, A.",
	Booktitle = "Soviet Math. Dokl.",
	Volume = "5",
	Pages = "1035--1038",
	Year = "1963",
}

@Article{Winiarek2012,
	Title                    = {Estimation of errors in the inverse modeling of accidental release of atmospheric pollutant: Application to the reconstruction of the cesium-137 and iodine-131 source terms from the {F}ukushima {D}aiichi {p}ower {p}lant},
	Author                   = {Winiarek, Victor and Bocquet, Marc and Saunier, Olivier and Mathieu, Anne},
	Journal                  = {Journal of Geophysical Research: Atmospheres},
	Year                     = {2012},
	Number                   = {D5},
	Volume                   = {117},
	Doi                      = {10.1029/2011JD016932},
	ISSN                     = {2156-2202},
	Url                      = {http://dx.doi.org/10.1029/2011JD016932},
}


@Article{Bocquet2005a,
	Title                    = {Reconstruction of an atmospheric tracer source using the principle of maximum entropy. {I}: {T}heory},
	Author                   = {Bocquet, M.},
	Journal                  = {Quarterly Journal of the Royal Meteorological Society},
	Year                     = {2005},
	Number                   = {610},
	Pages                    = {2191--2208},
	Volume                   = {131},
	Doi                      = {10.1256/qj.04.67},
	ISSN                     = {1477-870X},
	Publisher                = {John Wiley \& Sons, Ltd.},
	Url                      = {http://dx.doi.org/10.1256/qj.04.67}
}

@Article{Krysta2007,
	Title                    = {Source reconstruction of an accidental radionuclide release at {E}uropean scale},
	Author                   = {Krysta, M. and Bocquet, M.},
	Journal                  = {Quarterly Journal of the Royal Meteorological Society},
	Year                     = {2007},
	Number                   = {623},
	Pages                    = {529--544},
	Volume                   = {133},
	
	Doi                      = {10.1002/qj.3},
	File                     = {:C\:\\Users\\RAJAONA Harizo\\Documents\\BIBLIO\\Krysta2007.pdf:PDF},
	ISSN                     = {1477-870X},
	Keywords                 = {inverse modelling, radionuclide dispersion, entropy maximum},
	Owner                    = {RAJAONA Harizo},
	Publisher                = {John Wiley \& Sons, Ltd.},
	Timestamp                = {2014.12.15},
	Url                      = {http://dx.doi.org/10.1002/qj.3}
}

@article{Jaynes1957,
	Title = "Information theory and statistical mechanics",
	Author = "Jaynes, E.T.",
	Journal = "Physical Review",
	Volume = "106",
	Number = "4",
	Year = "1957"
}
 
@Article{Issartel2005,
	Title                    = {Emergence of a tracer source from air concentration measurements, a
	new strategy for linear assimilation},
	Author                   = {Issartel, J.-P.},
	Journal                  = {Atmospheric Chemistry and Physics},
	Year                     = {2005},
	Number                   = {1},
	Pages                    = {273},
	Volume                   = {5},
	Publisher                = {{European Geosciences Union (EGU)}},

}

@inproceedings{Sharan2009,
	Title = "An inversion technique for the retrieval of single-point emissions from atmospheric concentration measurements",
	Author = "Sharan, M and Issartel, J.P. and Singh, S.K. and Kumar, P.",
	Booktitle = "Proceedings of the Royal Society of London: A Mathematical, Physical and Engineering Sciences",
	Volume = "465",
	Pages = "2069--2088",
	Year = "2009"
}

@inproceedings{Issartel2007,
	Title = "An inversion technique to retrieve the source of a tracer with an application to synthetic satellite measurements",
	Author = "Issartel, J.P. and Sharan, M. and Modani, M.",
	Booktitle = "Proceedings of the Royal Society of London: A Mathematical, Physical and Engineering Sciences",
	Volume = "463",
	Pages = "2863--2886",
	Year = "2007"
}

@Article{Singh2014,
	Title                    = {A least-squares inversion technique for identification of a point release: Application to {F}usion {F}ield {T}rials 2007 },
	Author                   = {Singh, S.K. and Rani, R.},
	Journal                  = {Atmospheric Environment },
	Year                     = {2014},
	Volume = {92},
	Number                   = {},
	Pages                    = {104--117},
	ISSN                     = {1352-2310},
}

@Article{Kumar2015,
	Title                    = {Reconstruction of an Atmospheric Tracer Source in an Urban-like Environment},
	Author                   = {Kumar, P. and Feiz A. A. and Singh, S. K. and Ngae, P. and Turbelin, G.},
	Journal                  = {Journal of Geophysical Research},
	Year                     = {2015},
	Volume = {120},
	Number = {24},
	Pages = {12589--12604},
}

@article{Cantelli2015,
	Title = "Application of a genetic algorithm for the simultaneous identification of atmospheric pollution sources",
	Journal = "Atmospheric Environment",
	Author = "Cantelli, A. and D'Orta, F. and Cattini, A. and Sebastianelli, F. and Cedola, L.",
	Volume = "115",
	Pages = "36--45",
	Year = "2015"
}

@Article{Rao2007,
	Title                    = {Source estimation methods for atmospheric dispersion },
	Author                   = {Rao, K.S.},
	Journal                  = {Atmospheric Environment},
	Year                     = {2007},
	Number                   = {33},
	Pages                    = {696--6973},
	Volume                   = {41},
	ISSN                     = {1352-2310},

}

@Article{Sohn2002,
	Title                    = {Rapidly Locating and Characterizing Pollutant Releases in Buildings},
	Author                   = {Sohn, Michael D. and Reynolds, Pamela and Singh, Navtej and Gadgil, Ashok J.},
	Journal                  = {Journal of the Air \&amp; Waste Management Association},
	Year                     = {2002},
	Number                   = {12},
	Pages                    = {1422--1432},
	Volume                   = {52},
	Doi                      = {10.1080/10473289.2002.10470869},
}
@Article{Chow2008,
	Title                    = {Source inversion for contaminant plume dispersion in urban environments
	using building-resolving simulations},
	Author                   = {Chow, F.K. and Kosovic, B. and Chan, S.},
	Journal                  = {Journal of Applied Meteorology and Climatology},
	Year                     = {2008},
	Number                   = {6},
	Pages                    = {1553--1572},
	Volume                   = {47},
}
@Article{Senocak2008,
	Title                    = {Stochastic event reconstruction of atmospheric contaminant dispersion using {B}ayesian inference },
	Author                   = {Senocak, I. and Hengartner, N.W. and Short, B.M. and Daniel, W.B.},
	Journal                  = {Atmospheric Environment },
	Year                     = {2008},
	Number                   = {33},
	Pages                    = {7718--7727},
	Volume                   = {42},
}
@Article{Keats2007,
	Title                    = {Bayesian inference for source determination with applications to a complex urban environment},
	Author                   = {Keats, A. and Yee, E. and Lien, F.S.},
	Journal                  = {Atmospheric Environment },
	Year                     = {2007},
	Number                   = {3},
	Pages                    = {465--479},
	Volume                   = {41},
	ISSN                     = {1352-2310},

}
@Article{Yee2008b,
	Title                    = {Theory for reconstruction of an Unknown Number of Contaminant Sources using Probabilistic Inference},
	Author                   = {Yee, E.},
	Journal                  = {Boundary-Layer Meteorology},
	Year                     = {2008},
	Number                   = {3},
	Pages                    = {359--394},
	Volume                   = {127},
	Doi                      = {10.1007/s10546-008-9270-5},
	ISSN                     = {0006-8314},
	Timestamp                = {2014.12.16},
}
@Article{Yee2014,
	Title                    = {Bayesian inference for source reconstruction: a real-world application},
	Author                   = {Yee, Eugene and Hoffman, Ian and Ungar, Kurt},
	Journal                  = {International Scholarly Research Notices},
	Year                     = {2014},
	Volume                   = {2014},
}
@article{Kononenko2001,
	Title = "Machine learning for medical diagnosis: history, state of the art and perspectives",
	Author = "Kononenko, I.",
	Journal = "Artificial Intelligence in Medecine",
	Volume = "23",
	Number = "1",
	Pages = "89--109",
	Year = "2001"
	}
@book{Bouchaud2003,
	Title = "Theory of financial risk and derivative pricing: from statistical physics to risk management",
	Author = "Bouchaud, J.P. and Potters, M.",
	Year = "2003",
	Publisher = "Cambridge University Press"
}
@incollection{Alt2001,
	Title = "Multivariate quality control",
	Author = "Alt, F. and Jain, K.",
	Booktitle = "Encyclopedia of Operations Research and Management Science",
	Pages = "554--550",
	Year = "2001"
}
@Article{Rodriguez2011,
	Title                    = {Impact of sensor characteristics on source characterization for dispersion modeling},
	Author                   = {Rodriguez, L.M. and Haupt, S.E. and Young, G.S.},
	Journal                  = {Measurement},
	Year                     = {2011},
	Number                   = {5},
	Pages                    = {802--814},
	Volume                   = {44},
	Doi                      = {http://dx.doi.org/10.1016/j.measurement.2011.01.014},
	ISSN                     = {0263-2241},
}

@article{Rodriguez2013,
	Title = "Urban transport and dispersion model sensitivity to wind direction uncertainty and source location",
	Author = "Rodriguez, L.M. and Bieringer, P.E. and Warner, T.",
	Journal = "Atmospheric Environment",
	Year = "2013",
	Volume = "64",
	Pages = "25--39",
}
@book{Robert2004,
	Title = "Monte {C}arlo {S}tatistical {M}ethods, 2nd edition",
	Author = "Robert, C.P. and Casella, G.",
	Year = "2004",
	Publisher = "Springer"

}
@article{Metropolis1949,
	Title = "The {M}onte {C}arlo Method",
	Author = "Metropolis, N. and Ulam, S.",
	Journal = "Journal of The American Statistical Association",
	Volume = "44",
	Number = "247",
	Pages = "335--341",
	Year = "1949"
}
@article{Halton1970,
	Title = "A retrospective and prospective survey of the {M}onte {C}arlo method",
	Author = "Halton, J.H.",
	Journal = "SIAM Review",
	Volume = "12",
	Number = "1",
	Pages = "1--63",
	Year = "1970"
}
@Article{Metropolis1953,
	Title                    = {Equation of State Calculations by Fast Computing Machines},
	Author                   = {Metropolis, Nicholas and Rosenbluth, Arianna W. and Rosenbluth, Marshall N. and Teller, Augusta H. and Teller, Edward},
	Journal                  = {The Journal of Chemical Physics},
	Year                     = {1953},
	Number                   = {6},
	Pages                    = {1087-1092},
	Volume                   = {21},
}
@Article{Hastings1970,
	Title                    = {Monte Carlo sampling methods using {M}arkov chains and their
	applications},
	Author                   = {Hastings, W.K.},
	Journal                  = {Biometrika},
	Year                     = {1970},
	Number                   = {1},
	Pages                    = {97--109},
	Volume                   = {57},
}
@Article{Andrieu2003,
	Title                    = "An introduction to {MCMC} for {M}achine {L}earning",
	Author                   = {Andrieu, C. and De Freitas, N. and Doucet, A. and Jordan, Michael I.},
	Journal                  = {Machine Learning},
	Year                     = {2003},
	Number                   = {1-2},
	Pages                    = {5--43},
	Volume                   = {50},
}
@book{Murphy2012,
	title={{M}achine learning: a probabilistic perspective},
	author={Murphy, K.P.},
	year={2012},
	publisher={MIT Press}
}
@Article{Geman1984,
	Title                    = {Stochastic relaxation, {G}ibbs distributions, and the {B}ayesian
	restoration of images},
	Author                   = {Geman, S. and Geman, D.},
	Journal                  = {IEEE Transactions on Pattern Analysis and Machine Intelligence},
	Year                     = {1984},
	Number                   = {6},
	Pages                    = {721--741},
}
@Article{Gelfand1990,
	Title                    = {{S}ampling-based approaches to calculating marginal densities},
	Author                   = {Gelfand, A.E. and Smith, A.F.M.},
	Journal                  = {Journal of the American Statistical Association},
	Year                     = {1990},
	Number                   = {410},
	Pages                    = {398--409},
	Volume                   = {85},
}
@article{Rubin1988,
	title={{U}sing the {SIR} algorithm to simulate posterior distributions},
	author={Rubin, D.B. and others},
	journal={Bayesian Statistics},
	volume={3},
	number={1},
	pages={395--402},
	year={1988}
}
@Article{Cappe2004,
	Title                    = {Population {M}onte {C}arlo},
	Author                   = {Cappé, 0. and Guillin, A. and Marin, J.M. and
	Robert, C.P.},
	Journal                  = {Journal of Computational and Graphical Statistics},
	Year                     = {2004},
	Number                   = {4},
	Volume                   = {13},
}

@Article{Cappe2008,
	Title                    = {Adaptive importance sampling in general mixture classes},
	Author                   = {Cappé, O. and Douc, R. and Guillin, A. and Marin, J.M. and Robert, C.P.},
	Journal                  = {Statistics and Computing},
	Year                     = {2008},
	Number                   = {4},
	Pages                    = {447--459},
	Volume                   = {18},
}
@article{Bilmes1998,
	title={A gentle tutorial of the {EM} algorithm and its application to parameter estimation for {G}aussian mixture and hidden {M}arkov models},
	author={Bilmes, J.A.},
	journal={International Computer Science Institute},
	volume={4},
	number={510},
	pages={126},
	year={1998}
}
@article{Owen2000,
	Title = "Safe and effective importance sampling",
	Author = "Owen, A. and Zhou, Y.",
	Journal = "Journal of The American Statistical Association",
	Volume = "95",
	Number = "449",
	Pages = "135--143",
	Year = "2000",
}


@inproceedings{Veach1995,
	Title = "Optimally combining sampling techniques for Monte Carlo rendering",
	Author = "Veach, E. and Guibas, L.J.",
	Booktitle = "Proceedings of the 22nd annual Conference on Computer Graphics and Interactive Techniques",
	Pages = "419--428",
	Year = "1995"
}
	
	@Article{Cornuet2012,
		Title                    = {Adaptive {M}ultiple {I}mportance {S}ampling},
		Author                   = {Cornuet, J.M. and Marin, J.M. and Mira, A. and Robert, C.P.},
		Journal                  = {Scandinavian Journal of Statistics},
		Year                     = {2012},
		Number                   = {4},
		Pages                    = {798--812},
		Volume                   = {39},
}
	
@mtechreport{Seveso1976,
	Author = "BARPI-5620",
	Title = "L'accident de {S}eveso : rejet à l'atmosphère de dioxines dans une usine chimique - {R}apport {BARPI}-5620 - {M}inistère de l'{E}nvironnement (http://www.aria.developpement-durable.gouv.fr/wp-content/files\_mf/FD\_5620\_meda\_Seveso\_1976\_fr.pdf)",
	Year = "2008",

}

@mtechreport{Bhopal1984,
	Author = "BARPI-7022",
	Title = "L'accident de {B}hopal : rejet de gaz toxiques dans une usine
	agrochimique - {R}apport {BARPI}-7022 - {M}inistère de l'{E}nvironnement (http://www.aria.developpement-durable.gouv.fr/wp-content/files\_mf/FD7022Bhopal\_Inde\_08122014\_FR\_PA.pdf)",
	Year = "2014",
}

@article{Repussard2006,
	title={Les le{\c{c}}ons de {T}chernobyl},
	author={Repussard, J.},
	journal={Environnement, Risques \& Sant{\'e}},
	volume={5},
	number={6},
	pages={441--442},
	year={2006}
}

@inproceedings{Estevan2003,
	title={Consequences of the {A}lgeciras accident, and the {S}panish system for the radiological surveillance and control of scrap and the products of its processing},
	author={Estevan, M.T.},
	booktitle={Security of radioactive sources, proceedings of an international conference. Vienna Austria: IAEA},
	pages={357--62},
	year={2003}
}

@techreport{IRSN2012,
	title={One {Y}ear {L}ater: {I}nitial {A}nalyses of the {A}ccident and its Consequences},
	author={IRSN},
	year={2012},
	institution={IRSN/DG/2012-003. Paris, France: Institut de Radioprotection et de Sûreté Nucléaire}
}

@article{Hadamard1902,
	Title = "Sur les problèmes aux dérivées partielles et leur signification physique",
	Author = "Hadamard, J.",
	Journal = "Princeton University Bulletin",
	Volume = "13",
	Number = "28",
	Pages = "49--52",
	Year = "1902"
}

@article{Tibshirani1996,
	Title = "Regression shrinkage and selection via the {LASSO}",
	Author = "Tibshirani, R.",
	Journal = "Journal of the Royal Statistical Society, Series B (Methodological)",
	Pages = "267--288",
	Year = "1996"
}
@article{Rajaona2015,
	title={An adaptive {B}ayesian inference algorithm to estimate the parameters of a hazardous atmospheric release},
	author={Rajaona, H. and Septier, Fran{\c{c}}ois and Armand, Patrick and Delignon, Yves and Olry, Christophe and Albergel, Armand and Moussafir, Jacques},
	journal={Atmospheric Environment},
	volume={122},
	pages={748--762},
	year={2015},
	publisher={Elsevier}
}
@Article{Bocquet2008,
	author =    {Bocquet, Marc},
	title =     {Inverse modelling of atmospheric tracers: Non-{G}aussian methods and second-order sensitivity analysis},
	journal =   {Nonlinear Processes in Geophysics},
	year =      {2008},
	volume =    {15},
	number =    {1},
	pages =     {127--143},
	publisher = {Copernicus GmbH}
}
@Article{Issartel2003,
	author =    {Issartel, J.P. and Baverel, J},
	title =     {Inverse transport for the verification of the {C}omprehensive {N}uclear {T}est {B}an {T}reaty},
	journal =   {Atmospheric Chemistry and Physics},
	year =      {2003},
	volume =    {3},
	number =    {3},
	pages =     {475--486},
}
@article{Kalman1961,
	Title = "New results in linear filtering and prediction theory",
	Author = "Kalman, R.E. and Bucy, R.S.",
	Journal = "Journal of Basic Engineering",
	Volume = "83",
	Number = "1",
	Pages = "95--108",
	Year = "1961"
}
@article{Simon2010,
	Title = "Constrained {K}alman filtering via density function truncation for turbofan engine health estimation",
	Author = "Simon, D. and Simon, D.L.",
	Year = "2010",
	Journal = "International Journal of Systems Science",
	Volume = "41",
	Number = "2",
	Pages = "159--171"
}
@inproceedings{Platt2010,
	Title = "Comparative investigation of source term estimation algorithms using {FFT07} data",
	Author = "Platt, N. and Deriggi, D.",
	Booktitle = "8th Conference on Artificial Intelligence Applications to Environmental Sciences, AMS Annual Meeting",
	Year = "2010"
}
@Article{Annunzio2012b,
	Title                    = {Utilizing state estimation to determine the source location for a contaminant },
	Author                   = {Andrew J. Annunzio and George S. Young and Sue Ellen Haupt},
	Journal                  = {Atmospheric Environment },
	Year                     = {2012},
	Volume                   = {46},
	Pages                    = {580--589},
}

@inproceedings{Schulze1996,
	Title = "Practical guide to atmospheric dispersion",
	Author = "Schulze, R.H. and Turner, D.",
	Booktitle = "Texas: Trinity Consultants",
	Year = "1996"
}

@Article{Wilson1996,
	author =    {Wilson, J. D. and Sawford, B. L.},
	title =     {Review of Lagrangian stochastic models for trajectories in the turbulent atmosphere},
	journal =   {Boundary-layer Meteorology},
	year =      {1996},
	volume =    {78},
	number =    {1-2},
	pages =     {191--210},
}

@article{Thomson1987,
	author = "Thomson, D.J.",
	title = "Criteria for the selection of stochastic models of particle trajectories in turbulent flows",
	journal = "Journal of Fluid Mechanics",
	volume = "180",
	pages = "529--556",
	year = "1987",
}

@article{Wilson2009,
	title = "Lagrangian simulation of wind transport in the urban environment",
	author = "Wilson, J.D. and Yee, E. and Ek, N. and D'Amours, R",
	journal = "Quarterly Journal of the Royal Meteorological Society",
	volume = "135",
	pages = "1586--1602",
	year = "2009",
}

@inproceedings{Moussafir2014,
	title={AIRCITY: a very high resolution atmospheric dispersion modeling system for {P}aris},
	author={Moussafir, J. and Olry, C. and Nibart, M. and Albergel, A. and Armand, P. and Duchenne, C. and Mahé, F. and Thobois, L. and Loaec, S. and Oldrini, O.},
	booktitle={ASME 2014 4th Joint US-European Fluids Engineering Division Summer Meeting collocated with the ASME 2014 12th International Conference on Nanochannels, Microchannels, and Minichannels},
	pages={1--10},
	year={2014}
}

@article{Douc2007,
	author = "Douc, R. and Guillin, A. and Marin, J.-M. and Robert, C. P.",
	doi = "10.1214/009053606000001154",
	fjournal = "The Annals of Statistics",
	journal = "Ann. Statist.",
	month = "02",
	number = "1",
	pages = "420--448",
	publisher = "The Institute of Mathematical Statistics",
	title = "Convergence of adaptive mixtures of importance sampling schemes",
	url = "http://dx.doi.org/10.1214/009053606000001154",
	volume = "35",
	year = "2007"
}
@article{Yee2004,
	title={Concentration fluctuation measurements in a plume dispersing through a regular array of obstacles},
	author={Yee, E. and Biltoft, C.A.},
	journal={Boundary-Layer Meteorology},
	volume={111},
	number={3},
	pages={363--415},
	year={2004},
	publisher={Springer}
}
@inproceedings{Allwine2004,
	title={Overview of {J}oint {U}rban 2003—an atmospheric dispersion study in {O}klahoma {C}ity},
	author={Allwine, K. J. and Leach, M.J. and Stockham, L.W. and Shinn, J.S. and Hosker, R.P. and Bowers, J.F. and Pace, J.C.},
	booktitle={AMS Symposium on planning, nowcasting and forecasting in urban zone (on CD)},
	year={2004}
}
@Article{Abida2009,
	author =    {Abida, R. and Bocquet, M.},
	title =     {Targeting of observations for accidental atmospheric release monitoring },
	journal =   {Atmospheric Environment },
	year =      {2009},
	volume =    {43},
	number =    {40},
	pages =     {6312 - 6327}
}
@inproceedings{Smidl2015,
	title={Bayesian estimation of Prior Variance in Source Term Determination},
	author={Smidl, V. and Hofman, R.},
	booktitle={EGU General Assembly Conference Abstracts},
	volume={17},
	pages={5563},
	year={2015}
}
@article{Delmoral2006,
	title={Sequential {M}onte-{C}arlo samplers},
	author={Del Moral, P. and Doucet, A. and Jasra, A.},
	journal={Journal of the Royal Statistical Society: Series B (Statistical Methodology)},
	volume={68},
	number={3},
	pages={411--436},
	year={2006},
	publisher={Wiley Online Library}
}
@ARTICLE{Nguyen2016, 
	author={Nguyen, T.L.T and Septier, F. and Peters, G.W. and Delignon, Y.}, 
	journal={IEEE Transactions on Signal Processing}, 
	title={Efficient Sequential {M}onte-{C}arlo Samplers for {B}ayesian Inference}, 
	year={2016}, 
	volume={64}, 
	number={5}, 
	pages={1305-1319}, 
	keywords={Monte Carlo methods;belief networks;iterative methods;Bayesian inference;Monte-Carlo algorithms;SMC sampler framework;asymptotic variance;computational budget;correction mechanism;global efficiency;high-dimensional posterior distribution;multimodal posterior distribution;non-Gaussian models;nonlinear models;posterior normalization constant;sequential Monte-Carlo sampler framework;Bayes methods;Kernel;Markov processes;Monte Carlo methods;Signal processing;Signal processing algorithms;Standards;Bayesian inference;complex models;sequential Monte Carlo sampler}, 
	doi={10.1109/TSP.2015.2504342}, 
	ISSN={1053-587X}
}
@article{Nguyen2016b,
	title="A {B}ayesian perspective on multiple source localization in wireless sensor networks",
	author="Nguyen, T.L.T. and Septier, F. and Rajaona, H. and Peters, G.W. and Nevat, I. and Delignon, Y.",
	journal="IEEE Transactions on Signal Processing",
	year="2016",
	volume="64",
	number="7",
	pages="1684--1699"
}

@inproceedings{Rajaona2014,
	title={Estimating Source Term Parameters through Probabilistic {B}ayesian inference: An Approach based on an Adaptive Multiple Importance Sampling Algorithm},
	author={Rajaona, Harizo and Armand, Patrick and Septier, Fran{\c{c}}ois and Delignon, Yves and Olry, Christophe and Moussafir, Jacques},
	booktitle={16th International Conference on Harmonisation within Atmospheric Dispersion Modelling for Regulatory Purposes (HARMO 16)},
	year={2014}
}

@inproceedings{Rajaona2016,
	title={A {B}ayesian approach of the source term estimate coupling retro-dispersion computations with a lagrangian particle dispersion model and the adaptive multiple importance sampling},
	author={Rajaona, H. and Septier, F. and Delignon, Y. and Armand, P. and Makke, L. and Olry, C. and Albergel, A.},
	booktitle={17th International Conference on Harmonisation within Atmospheric Dispersion Modelling for Regulatory Purposes (HARMO 17)},
	year={2016}
}

